<?xml version="1.0" encoding="UTF-8"?><record xmlns="http://www.loc.gov/MARC21/slim" xmlns:cinclude="http://apache.org/cocoon/include/1.0" xmlns:zs="http://www.loc.gov/zing/srw/">
  <leader>00486nz  a2200145n  4500</leader>
  <controlfield tag="001">nb2012000024</controlfield>
  <controlfield tag="003">DLC</controlfield>
  <controlfield tag="005">20120106075120.0</controlfield>
  <controlfield tag="008">120103n| acannaabn          |n aaa      </controlfield>
  <datafield tag="010" ind1=" " ind2=" ">
    <subfield code="a">nb2012000024</subfield>
  </datafield>
  <datafield tag="035" ind1=" " ind2=" ">
    <subfield code="a">(Uk)008357928</subfield>
  </datafield>
  <datafield tag="040" ind1=" " ind2=" ">
    <subfield code="a">Uk</subfield>
    <subfield code="b">eng</subfield>
    <subfield code="c">Uk</subfield>
  </datafield>
  <datafield tag="100" ind1="1" ind2=" ">
    <subfield code="a">Hardy, Peter,</subfield>
    <subfield code="d">1947-</subfield>
  </datafield>
  <datafield tag="670" ind1=" " ind2=" ">
    <subfield code="a">Different country, same state, 2011:</subfield>
    <subfield code="b">t.p. (Peter Hardy)</subfield>
  </datafield>
  <datafield tag="670" ind1=" " ind2=" ">
    <subfield code="a">E-mail from author, 23 Dec. 2011</subfield>
    <subfield code="b">(Peter Talbot Meredith Hardy, born 7th Aug. 1947, also writes on skiing and snowboarding)</subfield>
  </datafield>
</record>